%% This BibTeX bibliography file was created using BibDesk.
%% http://bibdesk.sourceforge.net/

%% Created for User at 2018-10-20 16:19:34 +0200 


%% Saved with string encoding Unicode (UTF-8) 



@book{Saussure2013,
	Address = {T{\"u}bingen},
	Author = {Ferdinand de Saussure},
	Date-Added = {2018-10-07 12:36:24 +0200},
	Date-Modified = {2018-10-07 12:39:15 +0200},
	Editor = {Peter Wunderli},
	Note = {Zweisprachige kommentierte Ausgabe},
	Publisher = {Narr},
	Title = {Cours de linguistique g{\'e}n{\'e}rale},
	Year = {2013 [1916]}}

@incollection{Fuhrhop1996,
	Address = {Berlin},
	Author = {Nanna Fuhrhop},
	Booktitle = {Deutsch-typo\-logisch},
	Date-Added = {2018-10-04 21:21:22 +0200},
	Date-Modified = {2018-10-04 21:21:22 +0200},
	Editor = {Ewald Lang},
	Owner = {science},
	Pages = {525--549},
	Publisher = {De Gruyter},
	Timestamp = {2017.12.04},
	Title = {Fugenelemente},
	Year = {1996}}

@article{PantherKoepcke2008,
	Author = {Klaus-Uwe Panther and Klaus-Michael K{\"o}pcke},
	Date-Added = {2018-10-01 22:49:39 +0200},
	Date-Modified = {2018-10-01 22:49:39 +0200},
	Journal = {Annual Review of Cognitive Linguistics},
	Number = {1},
	Pages = {83--112},
	Title = {A prototype approach to sentences and sentence types},
	Volume = {6},
	Year = {2008}}

@incollection{Koepcke2011,
	Address = {Berlin},
	Author = {Klaus-Michael K{\"o}pcke},
	Booktitle = {Grammatik -- {L}ehren, {L}ernen, {V}erstehen},
	Date-Added = {2018-10-01 17:33:13 +0200},
	Date-Modified = {2018-10-07 17:28:13 +0200},
	Editor = {Klaus-Michael K{\"o}pcke and Arne Ziegler},
	Pages = {287--304},
	Publisher = {De Gruyter},
	Title = {Grammatikalit{\"a}t und {A}kzeptabilit{\"a}t -- {Z}wei f{\"u}r den {G}ram\-ma\-tik\-unterricht zentrale {B}egriffe verstehen lernen},
	Year = {2011}}

@book{Sievers1876,
	Address = {Leipzig},
	Author = {Eduard Sievers},
	Date-Added = {2018-09-29 21:11:03 +0200},
	Date-Modified = {2018-09-29 21:13:35 +0200},
	Publisher = {Breitkopf und H{\"a}rtel},
	Title = {Grundz{\"u}ge der {L}autphysiologie zur {E}inf{\"u}hrung in das {S}tudium der {L}autlehre der indogermanischen {S}prachen},
	Year = {1876}}

@article{Wegener2003,
	Author = {Heide Wegener},
	Date-Added = {2018-09-29 20:18:23 +0200},
	Date-Modified = {2018-09-29 20:18:23 +0200},
	Journal = {Linguistische Berichte},
	Owner = {science},
	Pages = {425--456},
	Timestamp = {2017.12.04},
	Title = {{E}ntwicklung und {F}unktion der {F}ugenelemente im {D}eutschen. {O}der: {Warum} wir keine *{A}utosbahn haben},
	Volume = {196},
	Year = {2003}}

@incollection{Wegener2005,
	Address = {Potsdam},
	Author = {Heide Wegener},
	Booktitle = {Ein gross und narhafft haffen: {F}estschrift f{\"u}r {J}oachim {G}essinger},
	Date-Added = {2018-09-29 20:18:23 +0200},
	Date-Modified = {2018-10-07 17:36:10 +0200},
	Editor = {Elisabeth Berner and Manueal B{\"o}hm and Anja Voeste},
	Pages = {176--187},
	Publisher = {Universit{\"a}tsverlag Potsdam},
	Title = {Das {H}{\"u}hnerei vor der {H}undeh{\"u}tte: von der {N}otwendigkeit historischen {W}issens in der {G}rammatikographie des {D}eutschen},
	Year = {2005}}

@book{GaetaSchluecker2012,
	Address = {Berlin},
	Date-Added = {2018-09-29 20:17:37 +0200},
	Date-Modified = {2018-09-29 20:17:37 +0200},
	Editor = {Livio Gaeta and Barbara Schl{\"u}cker},
	Publisher = {De Gruy\-ter},
	Title = {Das {D}eutsche als kompositionsfreudige {S}prache: strukturelle {E}igenschaften und systembezogene {A}spekte},
	Year = {2012}}

@incollection{Schluecker2012,
	Author = {Barbara Schl{\"u}cker},
	Crossref = {GaetaSchluecker2012},
	Date-Added = {2018-09-29 20:17:37 +0200},
	Date-Modified = {2018-10-07 17:40:59 +0200},
	Pages = {1--25},
	Title = {Die deutsche {K}ompositionsfreudigkeit: {{\"U}}bersicht und {E}in\-f{\"u}h\-rung},
	Bdsk-Url-1 = {https://doi.org/10.1515/9783110278439.1}}

@book{Mueller2018,
	Address = {Berlin},
	Author = {Stefan M{\"u}ller},
	Date-Added = {2018-09-29 14:29:28 +0200},
	Date-Modified = {2018-10-20 16:13:03 +0200},
	Edition = {2},
	Publisher = {Language Science Press},
	Title = {Grammatical theory: {F}rom transformational grammar to constraint-based approaches},
	Year = {2018},
	Bdsk-Url-1 = {https://doi.org/10.5281/zenodo.1193241}}

@incollection{Clark1978,
	Address = {Berlin},
	Author = {Eve V. Clark},
	Booktitle = {The child's conception of language},
	Date-Added = {2018-09-29 14:00:39 +0200},
	Date-Modified = {2018-10-20 16:03:34 +0200},
	Editor = {Anne Sinclair and Robert J. Jarvella and Willem J. M. Levelt},
	Pages = {17--43},
	Publisher = {Springer},
	Title = {Awareness of language. Some evidence from what children say and do},
	Year = {1978}}

@book{Pelz1996,
	Address = {Hamburg},
	Author = {Heidrun Pelz},
	Date-Added = {2018-09-28 13:53:18 +0200},
	Date-Modified = {2018-09-28 13:58:52 +0200},
	Publisher = {Hoffmann und Campe},
	Title = {Linguistik: eine {E}inf{\"u}hrung},
	Year = {1996}}

@book{Lindner2014,
	Address = {M{\"u}nchen},
	Author = {Katrin Lindner},
	Date-Added = {2018-09-28 13:51:03 +0200},
	Date-Modified = {2018-09-28 13:52:34 +0200},
	Publisher = {Beck},
	Title = {{E}inf{\"u}hrung in die germanistische {L}inguistik},
	Year = {2014}}

@book{KesselReimann2010,
	Address = {T{\"u}bingen},
	Author = {Katja Kessel and Sandra Reimann},
	Date-Added = {2018-09-28 13:49:22 +0200},
	Date-Modified = {2018-09-28 13:50:19 +0200},
	Edition = {3},
	Publisher = {Francke},
	Title = {Basiswissen deutsche {G}egenwartssprache: {E}ine {E}inf{\"u}hrung},
	Year = {2010}}

@book{Pompinomarschall2009,
	Address = {Berlin},
	Author = {Bernd Pompino-Marschall},
	Date-Added = {2018-09-28 13:43:50 +0200},
	Date-Modified = {2018-09-28 13:45:14 +0200},
	Edition = {3},
	Publisher = {De Gruyter},
	Title = {Einf{\"u}hrung in die {P}honetik},
	Year = {2009}}

@book{Ernst2011,
	Address = {Wien},
	Author = {Peter Ernst},
	Date-Added = {2018-09-28 13:36:42 +0200},
	Date-Modified = {2018-09-28 13:37:32 +0200},
	Edition = {2},
	Publisher = {Facultas},
	Title = {Germanistische {S}prachwissenschaft},
	Year = {2011}}

@book{BuschStenschke2014,
	Address = {T{\"u}bingen},
	Author = {Albert Busch and Oliver Stenschke},
	Date-Added = {2018-09-28 13:33:18 +0200},
	Date-Modified = {2018-09-28 13:34:43 +0200},
	Edition = {2},
	Publisher = {Narr Francke Attempto},
	Title = {Germanistische {L}inguistik: {E}ine {E}inf{\"u}hrung},
	Year = {2014}}

@phdthesis{Schaefer2018a,
	Author = {Roland Sch{\"a}fer},
	Date-Added = {2018-09-28 00:11:47 +0200},
	Date-Modified = {2018-09-29 13:42:20 +0200},
	School = {Humboldt Universi{\"a}t zu Berlin.},
	Title = {Probabilistic {German} Morphosyntax},
	Type = {Kumulative Habilitationsschrift},
	Year = {2018}}

@article{PapandropoulouSinclair1974,
	Author = {Ioanna Papandropoulou and Hermine Sinclair},
	Date-Added = {2018-09-27 12:12:12 +0200},
	Date-Modified = {2018-09-27 12:14:17 +0200},
	Journal = {Human Development},
	Number = {4},
	Pages = {241--258},
	Title = {What is a word? {E}xperimental study of children's ideas on grammar},
	Volume = {17},
	Year = {1974}}

@book{Karmilofsmith1996,
	Address = {Cambridge, MA},
	Author = {Annette Karmiloff-Smith},
	Date-Added = {2018-09-27 12:10:43 +0200},
	Date-Modified = {2018-09-27 12:11:48 +0200},
	Publisher = {Bradford},
	Title = {Beyond modularity: {A} developmental perspective on cognitive science},
	Year = {1996}}

@incollection{Berko1974,
	Address = {M{\"u}nchen},
	Author = {Jean Berko},
	Booktitle = {Spracherwerb und linguistische {T}heorien. {T}exte zur {S}prache des {K}indes},
	Date-Added = {2018-09-27 12:07:08 +0200},
	Date-Modified = {2018-10-20 16:18:55 +0200},
	Editor = {Wolfgang Eichler and Adolf Hofer},
	Pages = {215--242},
	Publisher = {Piper},
	Title = {Das {E}rlernen der englischen {M}orphologie durch das {K}ind},
	Year = {1974}}

@book{Entwistle1966,
	Address = {Baltimore},
	Author = {Doris R. Entwistle},
	Date-Added = {2018-09-27 12:05:01 +0200},
	Date-Modified = {2018-09-27 12:05:40 +0200},
	Publisher = {Hopkins},
	Title = {Word-associations of young children},
	Year = {1966}}

@book{Bosch1984,
	Address = {Frankfurt, Main},
	Author = {Bernhard Bosch},
	Date-Added = {2018-09-27 11:58:30 +0200},
	Date-Modified = {2018-09-27 11:59:29 +0200},
	Publisher = {Arbeitskreis Grundschule},
	Title = {Grundlagen des {E}rstleseunterrichts},
	Year = {1984}}

@book{Koeller1997,
	Address = {Baltmannsweiler},
	Author = {Wilhelm K{\"o}ller},
	Date-Added = {2018-09-27 11:56:30 +0200},
	Date-Modified = {2018-09-27 11:58:01 +0200},
	Edition = {4},
	Publisher = {Schneider Hohengehren},
	Title = {Funktionaler {G}rammatikunterricht. {T}empus, {G}enus, {M}odus: {W}ozu wurde das erfunden?},
	Year = {1997}}

@book{BoettcherSitta1978,
	Address = {M{\"u}nchen},
	Author = {Wolfgang Boettcher and Horst Sitta},
	Date-Added = {2018-09-27 11:53:52 +0200},
	Date-Modified = {2018-09-27 11:56:04 +0200},
	Publisher = {Urban \& Schwarzenberg},
	Title = {Der andere {G}rammatikunterricht. {V}er{\"a}nderungen des klassischen {G}rammatikunterrichts. {N}eue {M}odelle und {L}ehrmethoden},
	Year = {1978}}

@book{BredelPieper2015,
	Address = {Paderborn},
	Author = {Ursula Bredel and Irene Pieper},
	Date-Added = {2018-09-27 11:07:09 +0200},
	Date-Modified = {2018-09-27 11:08:06 +0200},
	Publisher = {Sch{\"o}ningh},
	Title = {Integrative {D}eutschdidaktik},
	Year = {2015}}

@book{BredelEa2017,
	Address = {T{\"u}bingen},
	Author = {Ursula Bredel and Nanna Fuhrhop and Christina Noack},
	Date-Added = {2018-09-26 18:48:24 +0200},
	Date-Modified = {2018-09-26 18:50:24 +0200},
	Edition = {2},
	Publisher = {Francke},
	Title = {Wie {K}inder lesen und schreiben lernen},
	Year = {2017}}

@incollection{Gornik2003,
	Address = {Paderborn etc.},
	Author = {Hildegard Gornik},
	Booktitle = {Didaktik der deutschen {S}prache},
	Date-Added = {2018-09-26 18:26:19 +0200},
	Date-Modified = {2018-09-26 18:29:23 +0200},
	Editor = {Ursula Bredel and Hartmut G{\"u}nther and Peter Klotz and Jakob Ossner and Gesa Siebert-Ott},
	Pages = {814--829},
	Publisher = {Sch{\"o}ningh},
	Title = {Methoden des {G}rammatikunterrichts},
	Volume = {2},
	Year = {2003}}

@book{Nerius2007,
	Address = {Hildesheim, Z{\"u}rich, New York},
	Date-Added = {2018-09-26 18:20:52 +0200},
	Date-Modified = {2018-09-26 18:20:52 +0200},
	Edition = {4},
	Editor = {Nerius, Dieter},
	Owner = {user},
	Publisher = {Olms},
	Timestamp = {2013.05.09},
	Title = {Deutsche Orthographie},
	Year = {2007}}

@book{SteinigHuneke2002,
	Address = {Berlin},
	Author = {Wolfgang Steinig and Hans-Werner Huneke},
	Date-Added = {2018-09-16 16:02:46 +0200},
	Date-Modified = {2018-10-07 17:41:27 +0200},
	Publisher = {Erich Schmidt Verlag},
	Title = {Sprachdidaktik {D}eutsch -- {E}ine {E}in\-f{\"u}h\-rung},
	Year = {2002}}

@incollection{Steets2003,
	Address = {Berlin},
	Author = {Angelika Steets},
	Booktitle = {Deutschdidaktik -- Leitfaden f{\"u}r die Sekundarstufe I und II},
	Date-Added = {2018-09-16 15:59:04 +0200},
	Date-Modified = {2018-09-16 16:02:01 +0200},
	Edition = {3},
	Editor = {Michael K{\"a}mper-van den Boogart},
	Pages = {210--231},
	Publisher = {Cornelsen},
	Title = {Lernbereich Sprache in der Sekundarstufe I},
	Year = {2003}}

@article{EisenbergMenzel1995,
	Author = {Peter Eisenberg and Wolfgang Menzel},
	Date-Added = {2018-09-16 14:52:57 +0200},
	Date-Modified = {2018-09-16 14:55:13 +0200},
	Journal = {Praxis Deutsch},
	Pages = {14--23},
	Title = {Grammatik-Werkstatt},
	Volume = {129},
	Year = {1995}}

@book{Menzel2017,
	Author = {Wolfgang Menzel},
	Date-Added = {2018-09-14 10:53:26 +0200},
	Date-Modified = {2018-09-14 10:54:55 +0200},
	Edition = {6},
	Publisher = {Friedrich},
	Title = {{G}rammatikwerkstatt -- {T}heorie und {P}raxis eines prozessorientierten {G}rammatikunterrichts f{\"u}r die {P}rimar- und {S}ekundarstufe},
	Year = {2017}}

@incollection{Braun1979,
	Address = {M{\"u}nchen},
	Author = {Peter Braun},
	Booktitle = {Deutsche Gegenwartssprache: Entwicklungen, Entw{\"u}rfe, Diskussionen},
	Date-Added = {2018-09-13 15:03:37 +0200},
	Date-Modified = {2018-09-13 15:05:51 +0200},
	Editor = {Peter Braun},
	Pages = {149--155},
	Publisher = {Fink},
	Title = {{B}eobachtungen zum {N}ormverhalten bei {S}tudenten und {L}ehrern},
	Year = {1979}}

@incollection{Duerscheid2013,
	Author = {Christa D{\"u}rscheid},
	Crossref = {KoepckeZiegler2013},
	Date-Added = {2018-09-13 14:00:58 +0200},
	Date-Modified = {2018-09-13 14:01:51 +0200},
	Pages = {205--224},
	Title = {{S}chriftlinguistik im {S}prachunterricht -- {W}arum nicht?}}

@book{KoepckeZiegler2011,
	Address = {Berlin},
	Booktitle = {{G}rammatik -- lehren, lernen, verstehen. {Z}ug{\"a}nge zur {G}rammatik des {G}egenwartsdeutschen},
	Date-Added = {2018-09-13 13:45:10 +0200},
	Date-Modified = {2018-09-13 14:02:33 +0200},
	Editor = {Klaus-Michael K{\"o}pcke and Arne Ziegler},
	Publisher = {De Gruyter},
	Title = {{G}rammatik -- lehren, lernen, verstehen. {Z}ug{\"a}nge zur {G}rammatik des {G}egenwartsdeutschen},
	Year = {2011}}

@book{KoepckeZiegler2013,
	Address = {Berlin},
	Booktitle = {{S}chulgrammatik und {S}prachunterricht im {W}andel},
	Date-Added = {2018-09-13 13:43:01 +0200},
	Date-Modified = {2018-09-13 14:02:17 +0200},
	Editor = {Klaus-Michael K{\"o}pcke and Arne Ziegler},
	Publisher = {De Gruyter},
	Title = {{S}chulgrammatik und {S}prachunterricht im {W}andel},
	Year = {2013}}

@incollection{Schroeterbrauss2013,
	Author = {Sabina Schroeter-Brauss},
	Crossref = {KoepckeZiegler2013},
	Date-Added = {2018-09-12 22:05:12 +0200},
	Date-Modified = {2018-09-13 13:44:48 +0200},
	Pages = {127--150},
	Title = {{D}ie {B}edeutung einer systematischen {S}prachvermittlung f{\"u}r das {L}ernen im {F}achunterricht der {S}ekundarstufe {I}}}

@incollection{Eisenberg2013c,
	Author = {Peter Eisenberg},
	Crossref = {KoepckeZiegler2013},
	Date-Added = {2018-09-12 21:49:27 +0200},
	Date-Modified = {2018-09-13 13:44:26 +0200},
	Pages = {7--13},
	Title = {Schulgrammatik -- Sprache f{\"u}r Sch{\"u}ler, Sprachwissen f{\"u}r Lehrer}}

@article{Bremerichvos2016,
	Author = {Hans Bremerich-Vos},
	Date-Added = {2018-09-07 13:36:50 +0200},
	Date-Modified = {2018-09-07 13:38:21 +0200},
	Journal = {Didaktik Deutsch},
	Pages = {9--12},
	Title = {Ein {S}tudieneingangstest f{\"u}r {L}ehramtsstudierende im {F}ach {G}ermanistik? {Z}war mit {B}auchschmerzen, aber: {J}a!},
	Volume = {40},
	Year = {2016}}

@article{Welke2016,
	Author = {Klaus Welke},
	Date-Added = {2018-09-06 12:16:14 +0200},
	Date-Modified = {2018-09-06 12:18:48 +0200},
	Journal = {Germanistik},
	Number = {3--4},
	Pages = {483--484},
	Title = {Sch{\"a}fer, Roland: Einf{\"u}hrung in die grammatische Beschreibung des Deutschen},
	Volume = {57},
	Year = {2016}}

@book{Bredel2013,
	Address = {Paderborn etc.},
	Author = {Ursula Bredel},
	Date-Added = {2018-09-06 11:47:16 +0200},
	Date-Modified = {2018-09-06 11:47:16 +0200},
	Edition = {2},
	Publisher = {Sch{\"o}ningh},
	Title = {Sprachbetrachtung und Grammatikunterricht},
	Year = {2013}}

@unpublished{Spiegelonline2007,
	Author = {{Spiegel Online}},
	Date-Added = {2018-08-02 16:38:21 +0000},
	Date-Modified = {2018-09-07 15:50:24 +0200},
	Note = {Erschienen am 18. April 2007, abgerufen am 20. September 2016},
	Title = {Das {S}tudium ist dem {G}enitiv sein {T}od},
	Year = {2007}}

@unpublished{Szonline2007,
	Author = {{S{\"u}ddeutsche Zeitung Online}},
	Date-Added = {2018-08-02 16:35:47 +0000},
	Date-Modified = {2018-09-07 15:50:53 +0200},
	Note = {Erschienen am 18. April 2007, abgerufen am 20. September 2016},
	Title = {Germanisten scheitern an {G}rammatik},
	Year = {2007}}

@article{TopalovicDuenschede2014,
	Author = {Elvira Topalovic and Susanne D{\"u}nschede},
	Date-Added = {2018-08-02 16:26:11 +0000},
	Date-Modified = {2018-10-07 17:35:40 +0200},
	Journal = {Der Deutschunterricht},
	Pages = {76--81},
	Title = {{W}eil {G}rammatik im {L}ehrplan steht. {B}un\-des\-wei\-te {U}mfrage zur {G}rammatik in der {S}chule},
	Volume = {3},
	Year = {2014}}

@article{Schindler2016,
	Author = {Kirsten Schindler},
	Date-Added = {2018-08-02 16:24:53 +0000},
	Date-Modified = {2018-08-02 16:26:03 +0000},
	Journal = {Didaktik Deutsch},
	Pages = {16--19},
	Title = {{W}elche {F}unktion sollten {E}ingangstests haben? {E}in {B}eitrag aus sprachdidaktischer {P}erspektive},
	Volume = {40},
	Year = {2016}}

@incollection{Ossner2007,
	Address = {T{\"u}bingen},
	Author = {Jakob Ossner},
	Booktitle = {{G}rammatik in der {U}niversit{\"a}t und f{\"u}r die {S}chule. {T}heorie, {E}mpirie und {M}o\-dell\-bil\-dung},
	Date-Added = {2018-08-02 16:22:28 +0000},
	Date-Modified = {2018-10-07 17:30:57 +0200},
	Editor = {Klaus-Michael K{\"o}pcke and Arne Ziegler},
	Pages = {161--184},
	Publisher = {Niemeyer},
	Title = {Grammatik in Schulb{\"u}chern},
	Year = {2007}}

@incollection{Portmanntselikas2011,
	Address = {Berlin, Boston},
	Author = {Paul Portmann-Tselikas},
	Crossref = {KoepckeZiegler2011},
	Date-Added = {2018-08-02 16:20:44 +0000},
	Date-Modified = {2018-09-13 13:47:00 +0200},
	Pages = {71--90},
	Title = {{S}pracherwerb, grammatische {B}egriffe und sprachliche {P}h{\"a}nomene. {{\"U}}berlegungen zu einem un{\"u}bersichtlichen {L}ernfeld}}

@incollection{Haecker2009,
	Address = {Berlin, New York},
	Author = {Roland H{\"a}cker},
	Booktitle = {Deutsche Grammatik -- Regeln, Normen. Sprachgebrauch. Jahrbuch des Instituts f{\"u}r Deutsche Sprache 2008},
	Date-Added = {2018-08-02 16:18:38 +0000},
	Date-Modified = {2018-08-02 16:20:33 +0000},
	Editor = {Marek Konopka and Bruno Strecker},
	Pages = {309--332},
	Publisher = {De Gruyter},
	Title = {{W}ie viel? {W}ozu? {W}arum {G}rammatik in der {S}chule?},
	Year = {2009}}

@article{Henning2012,
	Author = {Mathilde Henning},
	Date-Added = {2018-08-02 16:17:24 +0000},
	Date-Modified = {2018-08-02 16:18:21 +0000},
	Journal = {Zeitschrift f{\"u}r germanistische Linguistik},
	Number = {3},
	Pages = {443--450},
	Title = {Grammatische {T}erminologie in der {S}chule. {E}inladung zur {D}iskussion},
	Volume = {40},
	Year = {2012}}

@article{FuhrhopTeuber2016,
	Author = {Nanna Fuhrhop and Oliver Teuber},
	Date-Added = {2018-08-02 16:15:26 +0000},
	Date-Modified = {2018-08-02 16:16:39 +0000},
	Journal = {Didaktik Deutsch},
	Pages = {13--25},
	Title = {Orthographisches {W}issen und orthographisches {K}{\"o}nnen. {I}st ein sinnvoller {S}tudieneingangstest m{\"o}glich?},
	Volume = {40},
	Year = {2016}}

@article{Feilke2012,
	Author = {Helmut Feilke},
	Date-Added = {2018-08-02 16:14:42 +0000},
	Date-Modified = {2018-08-02 16:16:58 +0000},
	Journal = {Praxis Deutsch},
	Pages = {4--18},
	Title = {Bildungssprachliche {}Kompetenzen f{\"o}rdern und entwickeln},
	Volume = {233},
	Year = {2012}}

@article{Eisenberg2004,
	Author = {Peter Eisenberg},
	Date-Added = {2018-08-02 16:12:19 +0000},
	Date-Modified = {2018-08-02 16:17:17 +0000},
	Journal = {Didaktik Deutsch},
	Pages = {4--25},
	Title = {Wieviel {G}rammatik braucht die {S}chule?},
	Volume = {17},
	Year = {2004}}

@article{Schaefer2016c,
	Author = {Roland Sch{\"a}fer},
	Date-Added = {2018-08-02 16:11:21 +0000},
	Date-Modified = {2018-10-20 16:11:34 +0200},
	Journal = {Corpus Linguistics and Linguistic Theory},
	Note = {Ahead of print (online)},
	Title = {Prototype-driven alternations: {T}he case of {G}erman weak nouns},
	Year = {2016},
	Bdsk-Url-1 = {http://rolandschaefer.net/?p=254}}

@article{Schaefer2018,
	Author = {Roland Sch{\"a}fer},
	Date-Added = {2018-08-02 16:11:21 +0000},
	Date-Modified = {2018-08-02 16:11:21 +0000},
	Doi = {10.13140/RG.2.2.10622.89927},
	Journal = {Cognitive Linguistics},
	Number = {4},
	Title = {Abstractions and exemplars: the measure noun phrase alternation in {German}},
	Volume = {29},
	Year = {2018, erscheint},
	Bdsk-Url-1 = {https://dx.doi.org/10.13140/RG.2.2.10622.89927}}

@article{SchaeferPankratz2018,
	Author = {Roland Sch{\"a}fer and Elizabeth Pankratz},
	Date-Added = {2018-08-02 16:11:21 +0000},
	Date-Modified = {2018-09-27 17:07:42 +0200},
	Journal = {Morphology},
	Title = {The plural interpretability of {G}erman linking elements},
	Volume = {online first},
	Year = {2018},
	Bdsk-Url-1 = {https://dx.doi.org/10.13140/RG.2.2.17333.78563}}

@article{SchaeferSayatz2014,
	Author = {Roland Sch{\"a}fer and Ulrike Sayatz},
	Date-Added = {2018-08-02 16:11:21 +0000},
	Date-Modified = {2018-09-27 15:14:06 +0200},
	Journal = {Zeitschrift f{\"u}r Sprachwissenschaft},
	Number = {2},
	Pages = {215--250},
	Title = {{D}ie {K}urzformen des {I}ndefinitartikels im {D}eutschen},
	Volume = {33},
	Year = {2014},
	Bdsk-Url-1 = {http://rolandschaefer.net/?p=91},
	Bdsk-Url-2 = {http://dx.doi.org/10.1515/zfs-2014-0008}}

@article{SchaeferSayatz2016,
	Author = {Roland Sch{\"a}fer and Ulrike Sayatz},
	Date-Added = {2018-08-02 16:11:21 +0000},
	Date-Modified = {2018-10-20 16:10:38 +0200},
	Journal = {Written Language and Literacy},
	Number = {2},
	Pages = {215--245},
	Title = {Punctuation and syntactic structure in {``obwohl''} and {``weil''} clauses in nonstandard written {G}erman},
	Volume = {19},
	Year = {2016}}

@article{SchaeferSayatz2017a,
	Author = {Roland Sch{\"a}fer and Ulrike Sayatz},
	Date-Added = {2018-08-02 16:11:21 +0000},
	Date-Modified = {2018-10-07 17:32:58 +0200},
	Journal = {Zeitschrift f{\"u}r germanistische Linguistik},
	Number = {2},
	Pages = {221--255},
	Title = {{W}ieviel {G}rammatik braucht das {G}er\-ma\-nis\-tik\-stu\-di\-um?},
	Volume = {42},
	Year = {2017}}

@incollection{Albert2007,
	Author = {Ruth Albert},
	Booktitle = {{E}inf{\"u}hrung in die germanistische {L}inguistik},
	Crossref = {SteinbachEa2007},
	Date-Modified = {2018-08-02 16:33:41 +0000},
	Pages = {15 -- 52},
	Title = {{M}ethoden des empirischen {A}rbeitens in der {L}inguistik}}

@article{Loetscher1981,
	Author = {Andreas L{\"o}tscher},
	Journal = {Deutsche Sprache},
	Pages = {44--60},
	Title = {{A}bfolgeregeln f{\"u}r {E}rg{\"a}nzungen im {M}ittelfeld},
	Volume = {9},
	Year = {1981}}

@incollection{Reis2001,
	Address = {Hamburg},
	Author = {Marga Reis},
	Booktitle = {{M}odalit{\"a}t und {M}odalverben im {D}eutschen},
	Editor = {Reimar M{\"u}ller and Marga Reis},
	Pages = {287--300},
	Publisher = {Buske},
	Title = {{B}ilden {M}odalverben im {D}eutschen eine syntaktische {K}lasse?},
	Year = {2001}}

@book{Eisenberg2012,
	Address = {Berlin, New York},
	Author = {Peter Eisenberg},
	Edition = {2},
	Publisher = {De Gruyter},
	Title = {{D}as {F}remdwort im {D}eutschen},
	Year = {2012}}

@incollection{HentschelWeydt1995,
	Address = {M{\"u}nchen},
	Author = {Elke Hentschel and Harald Weydt},
	Booktitle = {{D}eutsch als {F}remdsprache. {A}n den {Q}uellen eines {F}aches. {F}estschrift f{\"u}r {G}erhard {H}elbig zum 65.~{G}eburtstag},
	Editor = {Heidrun Popp},
	Pages = {165--183},
	Publisher = {iudicum},
	Title = {{D}as leidige bekommen-{P}assiv},
	Year = {1995}}

@inproceedings{Hoehle1986,
	Address = {T{\"u}bingen},
	Author = {Tilman N. H{\"o}hle},
	Booktitle = {{A}kten des {VII.}~Internationalen {G}ermanisten-{K}ongresses {G}{\"o}ttingen 1985},
	Editor = {Walter Weiss and Herbert Ernst Wiegand and Marga Reis},
	Pages = {329--340},
	Publisher = {Niemeyer},
	Title = {{D}er {B}egriff {M}ittelfeld. {A}nmerkungen {\"u}ber die {T}heorie der topologischen {F}elder},
	Volume = {3},
	Year = {1986}}

@incollection{Wegener1991,
	Address = {T{\"u}bingen},
	Author = {Heide Wegener},
	Booktitle = {{S}trukturen und {M}erkmale syntaktischer {K}ategorien},
	Date-Modified = {2018-10-20 16:09:38 +0200},
	Editor = {Gisbert Fanselow and Sascha W. Felix},
	Pages = {70--103},
	Publisher = {Narr},
	Title = {{D}er {D}ativ -- ein struktureller {K}asus?},
	Year = {1991}}

@article{BreindlThurmair1992,
	Author = {Eva Breindl and Maria Thurmair},
	Date-Modified = {2018-08-02 16:33:33 +0000},
	Journal = {Deutsche Sprache},
	Number = {1},
	Pages = {32-61},
	Title = {{D}er {F}{\"u}rstbischof im {H}osenrock -- {E}ine {S}tudie zu den nominalen {K}opulativkomposita des {D}eutschen},
	Volume = {92},
	Year = {1992}}

@article{Fabriciushansen1997,
	Author = {Cathrine Fabricius-Hansen},
	Date-Modified = {2018-10-07 17:26:07 +0200},
	Journal = {Germanistische Linguistik},
	Pages = {13--36},
	Title = {{D}er {K}onjunktiv als {P}roblem des {D}eutschen als {F}remd\-spra\-che},
	Volume = {136},
	Year = {1997}}

@book{Engel2009a,
	Address = {M{\"u}nchen},
	Author = {Ulrich Engel},
	Date-Modified = {2018-08-02 16:32:17 +0000},
	Edition = {2},
	Publisher = {iudicium},
	Title = {{D}eutsche {G}rammatik},
	Year = {2009}}

@book{HentschelVogel2009,
	Address = {Berlin, New York},
	Editor = {Hentschel, Elke and Vogel, Petra Maria},
	Publisher = {De Gruyter},
	Title = {{D}eutsche {M}orphologie},
	Year = {2009}}

@book{WoellsteinEa1997,
	Address = {T{\"u}bingen},
	Author = {Angelika W{\"o}llstein-Leisten and Axel Heilmann and Peter Stepan and Sten Vikner},
	Publisher = {Stauffenburg},
	Title = {{D}eutsche {S}atzstruktur -- {G}rundlagen der syntaktischen {A}nalyse},
	Year = {1997}}

@book{KrechEa2009,
	Address = {Berlin, New York},
	Date-Modified = {2018-08-02 16:28:47 +0000},
	Editor = {Eva-Maria Krech and Eberhard Stock and Ursula Hirschfeld and Lutz Christian Anders},
	Publisher = {De Gruyter},
	Title = {{D}eutsches {A}ussprachew{\"o}rterbuch},
	Year = {2009}}

@article{Thieroff2003,
	Author = {Thieroff, Rolf},
	Journal = {Linguistik Online},
	Title = {{D}ie {B}edienung des {A}utomatens durch den {M}ensch. {D}eklination der schwachen {M}askulina als {Z}weifelsfall},
	Volume = {16},
	Year = {2003}}

@incollection{Fabriciushansen2000,
	Address = {T{\"u}bingen},
	Author = {Cathrine Fabricius-Hansen},
	Booktitle = {{D}eutsche {G}rammatik in {T}heorie und {P}raxis: {A}us {A}nla{\ss} des 60. {G}eburtstags von {P}eter {E}isenberg am 18. {M}ai 2000},
	Date-Modified = {2018-08-02 17:24:16 +0000},
	Editor = {Fuhrhop, Nanna and Thieroff, Rolf and Teuber, Oliver and Tamrat, Matthias},
	Pages = {83--96},
	Publisher = {Niemeyer},
	Title = {{D}ie {G}eheimnisse der deutschen w{\"u}rde-{K}onstruktion},
	Year = {2000}}

@article{Koepcke1995,
	Author = {K{\"o}pcke, Klaus-Michael},
	Journal = {Zeitschrift f{\"u}r Sprachwissenschaft},
	Pages = {159--180},
	Title = {{D}ie {K}lassifikation der schwachen {M}askulina in der deutschen {G}egenwartssprache},
	Volume = {14},
	Year = {1995}}

@article{Gallmann1996,
	Author = {Peter Gallmann},
	Journal = {Linguistische Berichte},
	Pages = {283--314},
	Title = {{D}ie {S}teuerung der {F}lexion in der {DP}},
	Volume = {164},
	Year = {1996}}

@book{Buchmann2015,
	Address = {Heidelberg},
	Author = {Franziska Buchmann},
	Publisher = {Winter},
	Title = {{D}ie {W}ortzeichen im {D}eutschen},
	Year = {2015}}

@article{Primus2008,
	Author = {Beatrice Primus},
	Journal = {Deutsche Sprache},
	Pages = {3--26},
	Title = {{D}iese -- etwas vernachl{\"a}ssigte -- pr{\"a}nominale {H}erausstellung},
	Volume = {36},
	Year = {2008}}

@book{Duden8,
	Address = {Mannheim},
	Author = {Cathrine Fabricius-Hansen and Peter Gallmann and Peter Eisenberg and Reinhard Fiehler and J{\"o}rg Peters},
	Edition = {8},
	Publisher = {Bibliographisches Institut},
	Title = {{D}uden 04. {D}ie {G}rammatik},
	Year = {2009}}

@book{Mangold2006,
	Address = {Mannheim},
	Author = {Max Mangold},
	Date-Modified = {2018-08-02 16:28:31 +0000},
	Edition = {6},
	Publisher = {Bibliographisches Institut},
	Title = {{D}uden 06. {D}as {A}ussprachew{\"o}rterbuch},
	Year = {2006}}

@incollection{Wiese2012,
	Address = {Berlin, New York},
	Author = {Bernd Wiese},
	Booktitle = {{Deutsch} im {Sprachvergleich}. {Grammatische} {Kontraste} und {Konvergenzen}},
	Editor = {Lutz Gunkel and Gisela Zifonun},
	Pages = {187--216},
	Publisher = {De Gruyter},
	Title = {{Deklinationsklassen}. {Zur} vergleichenden {Betrachtung} der {Substantivflexion}},
	Year = {2012}}

@book{Ternes2012,
	Address = {Darmstadt},
	Author = {Ternes, Elmar},
	Edition = {3},
	Publisher = {Wissenschaftliche Buchgesellschaft},
	Title = {{E}inf{\"u}hrung in die {P}honologie},
	Year = {2012}}

@book{FuhrhopPeters2013,
	Address = {Stuttgart},
	Author = {Nanna Fuhrhop and J{\"o}rg Peters},
	Publisher = {Metzler},
	Title = {{E}inf{\"u}hrung in die {P}honologie und {G}raphematik},
	Year = {2013}}

@book{Vater2007,
	Address = {Trier},
	Author = {Heinz Vater},
	Edition = {4},
	Publisher = {Wissenschaftlicher Verlag},
	Title = {{E}inf{\"u}hrung in die {Z}eit-{L}inguistik},
	Year = {2007}}

@book{MeibauerEa2015,
	Address = {Stuttgart},
	Author = {J{\"o}rg Meibauer and Ulrike Demske and Jochen Geilfu{\ss}-Wolfgang and J{\"u}rgen Pafel and Karl-Heinz Ramers and Monika Rothweiler and Markus Steinbach},
	Date-Modified = {2018-09-28 13:46:22 +0200},
	Edition = {3},
	Editor = {J{\"o}rg Meibauer},
	Publisher = {Metzler},
	Title = {{E}inf{\"u}hrung in die germanistische {L}inguistik},
	Year = {2015}}

@article{Askedal1991,
	Author = {John Ole Askedal},
	Journal = {Zeitschrift f{\"u}r Germanistische Linguistik},
	Pages = {1--23},
	Title = {{E}rsatzinfinitiv\slash {P}artizipersatz und {V}erwandtes},
	Volume = {19},
	Year = {1991}}

@book{Kluge2002,
	Address = {Berlin, New York},
	Author = {Friedrich Kluge and Elmar Seebold},
	Date-Modified = {2018-08-02 16:28:53 +0000},
	Edition = {24},
	Publisher = {De Gruyter},
	Title = {{E}tymologisches {W}{\"o}rterbuch der deutschen {S}prache},
	Year = {2002}}

@book{ThieroffVogel2009,
	Address = {Heidelberg},
	Author = {Rolf Thieroff and Petra Maria Vogel},
	Publisher = {Winter},
	Title = {{F}lexion},
	Year = {2009}}

@incollection{Gallmann1999,
	Address = {Hildesheim},
	Author = {Gallmann, Peter},
	Booktitle = {{V}ariation und {S}tabilit{\"a}t in der {W}ortstruktur},
	Editor = {Matthias Butt and Nanna Fuhrhop},
	Pages = {177--190},
	Publisher = {Olms Verlag},
	Title = {{F}ugenmorpheme als {N}icht-{K}asus-{S}uffixe},
	Year = {1999}}

@article{Wegener1986,
	Author = {Heide Wegener},
	Journal = {Deutsche Sprache},
	Pages = {12--22},
	Title = {{G}ibt es im {D}eutschen ein indirektes {O}bjekt?},
	Volume = {14},
	Year = {1986}}

@book{ZifonunEa1997,
	Address = {Berlin, New York},
	Author = {Gisela Zifonun and Ludger Hoffmann and Bruno Strecker},
	Date-Modified = {2018-08-02 16:29:09 +0000},
	Publisher = {De Gruyter},
	Title = {{G}rammatik der deutschen {S}prache},
	Year = {1997}}

@book{Mueller2010,
	Address = {T{\"u}bingen},
	Author = {Stefan M{\"u}ller},
	Date-Modified = {2018-08-02 16:31:28 +0000},
	Edition = {2},
	Publisher = {Stauffenburg Verlag},
	Title = {{G}rammatiktheorie},
	Year = {2013}}

@book{Mueller2016,
	Address = {Berlin},
	Author = {Stefan M{\"u}ller},
	Date-Modified = {2018-09-27 12:15:13 +0200},
	Publisher = {Language Science Press},
	Title = {Grammatical Theory: {From} {Transformational Grammar} to Constraint-Based Approaches},
	Year = {2016},
	Bdsk-Url-1 = {https://doi.org/10.17169/langsci.b25.167}}

@book{Eisenberg2013a,
	Address = {Stuttgart},
	Author = {Peter Eisenberg},
	Date-Modified = {2018-08-02 16:32:41 +0000},
	Edition = {4. Auflage, unter Mitarbeit von Nanna Fuhrhop},
	Publisher = {Metzler},
	Title = {{G}rundriss der deutschen {G}rammatik: {D}as {W}ort},
	Year = {2013}}

@book{Eisenberg2013b,
	Address = {Stuttgart},
	Author = {Peter Eisenberg},
	Date-Modified = {2018-08-02 16:32:35 +0000},
	Edition = {4. Auflage, unter Mitarbeit von Rolf Thieroff},
	Publisher = {Metzler},
	Title = {{G}rundriss der deutschen {G}rammatik: {D}er {S}atz},
	Year = {2013}}

@book{Mueller2008,
	Address = {T{\"u}bingen},
	Author = {Stefan M{\"u}ller},
	Date-Modified = {2018-08-02 16:31:32 +0000},
	Edition = {3},
	Publisher = {Stauffenburg},
	Title = {{H}ead-{D}riven {P}hrase {S}turcture {G}rammar: {E}ine {E}inf{\"u}hrung},
	Year = {2013}}

@book{NueblingEa2010,
	Address = {T{\"u}bingen},
	Author = {Damaris N{\"u}bling and Janet Duke and Renata Szczepaniak},
	Publisher = {Narr},
	Title = {{H}istorische {S}prachwissenschaft des {D}eutschen. {E}ine {E}inf{\"u}hrung in die {P}rinzipien des {S}prachwandels},
	Year = {2010}}

@book{Bredel2011,
	Address = {Heidelberg},
	Author = {Ursula Bredel},
	Publisher = {Winter},
	Title = {{I}nterpunktion},
	Year = {2011}}

@article{Pittner2003,
	Author = {Karin Pittner},
	Date-Modified = {2018-10-20 16:11:00 +0200},
	Journal = {Deutsche Sprache},
	Number = {3},
	Pages = {193--208},
	Title = {{K}asuskonflikte bei freien {R}elativs{\"a}tzen -- {E}ine {K}orpusstudie},
	Volume = {31},
	Year = {2003}}

@article{EisenbergSayatz2002,
	Author = {Peter Eisenberg and Ulrike Sayatz},
	Journal = {Jahrbuch der Ungarischen Germanistik},
	Pages = {137--156},
	Title = {{K}ategorienhierarchie und {G}enus. {Z}ur {A}bfolge der {D}erivationssuffixe im {D}eutschen},
	Year = {2002}}

@article{Richter2002,
	Author = {Michael Richter},
	Journal = {Deutsche Sprache},
	Number = {3},
	Pages = {237--251},
	Title = {{K}omplexe {P}r{\"a}dikate in resultativen {K}onstruktionen},
	Volume = {30},
	Year = {2002}}

@incollection{Gallmann1995,
	Address = {Frankfurt},
	Author = {Peter Gallmann},
	Booktitle = {{B}eitr{\"a}ge zur {S}chriftlinguistik. {F}estschrift zum 60.~{G}eburtstag von {P}rof. {D}r. phil. habil. {D}ieter {N}erius},
	Editor = {Petra Ewald and Karl-Ernst Sommerfeldt},
	Pages = {123--138},
	Publisher = {Lang},
	Title = {{K}onzepte der {S}ubstantivgro{\ss}schreibung},
	Year = {1995}}

@book{PerkuhnEa2012,
	Address = {Paderborn},
	Author = {Rainer Perkuhn and Holger Keibel and Marc Kupietz},
	Date-Modified = {2018-08-02 16:28:16 +0000},
	Publisher = {Fink},
	Title = {{K}orpuslinguistik},
	Year = {2012}}

@article{Mueller2003,
	Author = {Stefan M{\"u}ller},
	Date-Modified = {2018-08-02 16:31:36 +0000},
	Journal = {Deutsche Sprache},
	Number = {1},
	Pages = {29--62},
	Title = {{M}ehrfache {V}orfeldbesetzung},
	Volume = {31},
	Year = {2003}}

@book{Demske2000,
	Address = {Berlin, New York},
	Author = {Ulrike Demske},
	Date-Modified = {2018-08-02 16:33:21 +0000},
	Publisher = {De Gruyter},
	Title = {{M}erkmale {U}nd {R}elationen: {D}iachrone {S}tudien {Z}ur {N}ominalphrase {D}es {D}eutschen},
	Year = {2000}}

@book{Grewendorf2002,
	Address = {T\"ubingen},
	Author = {G{\"u}nther Grewendorf},
	Date-Modified = {2018-08-02 16:32:00 +0000},
	Publisher = {Francke},
	Title = {{M}inimalistische {S}yntax},
	Year = {2002}}

@book{Katamba2006,
	Address = {Houndmills},
	Author = {Francis Katamba},
	Date-Modified = {2018-08-02 16:28:58 +0000},
	Edition = {2},
	Publisher = {Palgrave},
	Title = {{M}orphology},
	Year = {2006}}

@book{NueblingEa2012,
	Address = {T{\"u}bingen},
	Author = {Damaris N{\"u}bling and Fabian Fahlbusch and Rita Heuser},
	Publisher = {Narr},
	Title = {{N}amen. {E}ine {E}inf{\"u}hrung in die {O}nomastik},
	Year = {2012}}

@article{Fabriciushansen1993,
	Author = {Cathrine Fabricius-Hansen},
	Date-Modified = {2018-08-02 17:24:09 +0000},
	Journal = {Beitr{\"a}ge zur Geschichte der deutschen Sprache und Literatur},
	Pages = {193--243},
	Title = {{N}ominalphrasen mit {Kompositum} als {K}ern},
	Volume = {115},
	Year = {1993}}

@book{Fuhrhop2015,
	Address = {Heidelberg},
	Author = {Fuhrhop, Nanna},
	Edition = {2},
	Publisher = {Winter},
	Title = {{O}rthografie},
	Year = {2015}}

@book{Wiese2010,
	Address = {Stuttgart},
	Author = {Richard Wiese},
	Date-Modified = {2018-08-02 16:29:23 +0000},
	Publisher = {W. Fink},
	Title = {{P}honetik und {P}honologie},
	Year = {2010}}

@book{RuesEa2009,
	Address = {T{\"u}bingen},
	Author = {Beate Rues and Beate Redecker and Evelyn Koch and Uta Wallraff and Adrian P. Simpson},
	Date-Modified = {2018-08-02 16:28:07 +0000},
	Edition = {2},
	Publisher = {Narr},
	Title = {{P}honetische {T}ranskription des {D}eutschen: {E}in {A}rbeitsbuch},
	Year = {2009}}

@book{Hall2000,
	Address = {Berlin, New York},
	Author = {Tracy Alan Hall},
	Date-Modified = {2018-08-02 16:31:55 +0000},
	Publisher = {De Gruyter},
	Title = {{P}honologie. {E}ine {E}inf{\"u}hrung},
	Year = {2000}}

@article{Wegener2004,
	Author = {Heide Wegener},
	Journal = {Zeitschrift f{\"u}r Sprachwissenschaft},
	Pages = {47--112},
	Title = {{P}izzas und {P}izzen, die {P}luralformen (un)assimilierter {F}remdw{\"o}rter im {D}eutschen},
	Volume = {23},
	Year = {2004}}

@book{Laver1994,
	Address = {Cambridge, MA},
	Author = {John Laver},
	Date-Modified = {2018-10-20 16:14:14 +0200},
	Publisher = {Cambridge University Press},
	Title = {{P}rinciples of phonetics},
	Year = {1994}}

@incollection{KoepckeZubin1995,
	Address = {Berlin, New York},
	Author = {Klaus-Michael K{\"o}pcke and David A. Zubin},
	Booktitle = {{D}eutsch typologisch: {J}ahrbuch des {I}nstituts f{\"u}r {D}eutsche {S}prache},
	Pages = {473--491},
	Publisher = {De Gruyter},
	Title = {{P}rinzipien f{\"u}r die {G}enuszuweisung im {D}eutschen},
	Year = {1995}}

@book{Altmann2011,
	Address = {G{\"o}ttingen},
	Author = {Altmann, Hans},
	Publisher = {Vandenhoek \& Ruprecht},
	Title = {{P}r{\"u}fungswissen {W}ortbildung},
	Year = {2011}}

@article{NueblingSzczepaniak2009,
	Author = {Damaris N{\"u}bling and Renata Szczepaniak},
	Journal = {Germanistische Linguistik},
	Pages = {195--222},
	Title = {{R}eligion+s+freiheit, {S}tabilit{\"a}t+s+pakt und {S}ubjekt(+s+)pronomen. {F}ugenelemente als {M}arker phonologischer {W}ortgrenzen},
	Volume = {197--198},
	Year = {2009}}

@incollection{Eisenberg2008,
	Address = {Berlin, New York},
	Author = {Peter Eisenberg},
	Booktitle = {{D}eutsche {G}rammatik -- {R}egeln, {N}ormen, {S}prachgebrauch},
	Date-Modified = {2018-08-02 16:32:26 +0000},
	Editor = {Marek Konopka and Bruno Strecker},
	Pages = {53--69},
	Publisher = {De Gruyter},
	Title = {{R}ichtig gutes und richtig schlechtes {D}eutsch},
	Year = {2008}}

@book{Musan2009,
	Address = {Heidelberg},
	Author = {Musan, Renate},
	Publisher = {Winter},
	Title = {{S}atzgliedanalyse},
	Year = {2009}}

@book{SteinbachEa2007,
	Address = {Stuttgart},
	Author = {Markus Steinbach and Ruth Albert and Heiko Girnth and Annette Hohenberger and Bettina K{\"u}mmer\-ling-Mei\-bau\-er and J{\"o}rg Meibauer and Monika Rothweiler and Monika Schwarz-Friesel},
	Date-Modified = {2018-10-07 17:45:10 +0200},
	Editor = {Markus Steinbach},
	Publisher = {Metzler},
	Title = {{S}chnitt\-stel\-len der germanistischen {L}inguistik},
	Year = {2007}}

@book{Meinunger2008,
	Address = {Berlin},
	Author = {Andr\'e Meinunger},
	Date-Modified = {2018-08-02 16:28:24 +0000},
	Publisher = {Kulturverlag Kadmos},
	Title = {{S}ick of {S}ick? {E}in {S}treifzug durch die {S}prache als {A}ntwort auf den {Z}wiebelfisch},
	Year = {2008}}

@book{Jacobs2005,
	Address = {Berlin, New York},
	Author = {Joachim Jacobs},
	Publisher = {De Gruyter},
	Title = {{S}patien: {Z}um {S}ystem der {G}etrennt- und {Z}usammenschreibung im heutigen {D}eutsch},
	Year = {2005}}

@article{Primus1993,
	Author = {Beatrice Primus},
	Journal = {Deutsche Sprache},
	Pages = {244--263},
	Title = {{S}prachnorm und {S}prachregularit{\"a}t: {D}as {K}omma im {D}eutschen},
	Volume = {3},
	Year = {1993}}

@book{Bech1983,
	Address = {T{\"u}bingen},
	Author = {Gunnar Bech},
	Edition = {2},
	Note = {Zuerst erschienen 1955},
	Publisher = {Niemeyer},
	Title = {{S}tudien {\"u}ber das deutsche verbum infinitum},
	Year = {1983}}

@article{Eisenberg1981,
	Author = {Peter Eisenberg},
	Date-Modified = {2018-10-20 16:17:13 +0200},
	Journal = {Linguistische Berichte},
	Pages = {77--101},
	Title = {{S}ubstantiv oder {E}igenname? {{\"U}}ber die {P}rinzipien unserer {R}egeln zur {G}ro{\ss}- und {K}leinschreibung},
	Volume = {72},
	Year = {1981}}

@book{Engel2009,
	Address = {Berlin},
	Author = {Ulrich Engel},
	Date-Modified = {2018-10-07 17:39:50 +0200},
	Edition = {4},
	Publisher = {Erich Schmidt Verlag},
	Title = {{S}yntax der deutschen {G}egenwartssprache},
	Year = {2009}}

@book{Eroms2000,
	Address = {Berlin, New York},
	Author = {Hans-Werner Eroms},
	Publisher = {De Gruyter},
	Title = {{S}yntax der deutschen {S}prache},
	Year = {2000}}

@book{Duerscheid2012,
	Address = {G{\"o}ttingen},
	Author = {D{\"u}rscheid, Christa},
	Edition = {6},
	Publisher = {Vandenhoek \& Ruprecht},
	Title = {{S}yntax: {G}rundlagen und {T}heorien},
	Year = {2012}}

@book{Rothstein2007,
	Address = {Heidelberg},
	Author = {Rothstein, Bj{\"o}rn},
	Publisher = {Winter},
	Title = {{T}empus},
	Year = {2007}}

@book{Coulmas1989,
	Address = {Oxford},
	Author = {Florian Coulmas},
	Date-Modified = {2018-10-20 16:15:51 +0200},
	Publisher = {Wiley-Blackwell},
	Title = {{T}he writing systems of the world},
	Year = {1989}}

@article{Dowty1991,
	Author = {Dowty, David},
	Date-Modified = {2018-08-02 16:33:17 +0000},
	Journal = {Language},
	Pages = {547--619},
	Title = {{T}hematic proto-roles and argument selection},
	Volume = {67},
	Year = {1991}}

@book{Woellstein2010,
	Address = {Heidelberg},
	Author = {Angelika W{\"o}llstein},
	Publisher = {Winter},
	Title = {{T}opologisches {S}atzmodell},
	Year = {2010}}

@article{Askedal1986,
	Author = {John Ole Askedal},
	Journal = {Deutsche Sprache},
	Pages = {193--223},
	Title = {{{\"U}}ber {S}tellungsfelder und {S}atztypen im {D}eutschen},
	Volume = {14},
	Year = {1986}}

@article{Askedal1988,
	Author = {John Ole Askedal},
	Journal = {Zeitschrift f{\"u}r Germanistische Linguistik},
	Pages = {1--25},
	Title = {{{\"U}}ber den {I}nfinitiv als {S}ubjekt im {D}eutschen},
	Volume = {16},
	Year = {1988}}

@article{Vogel1997,
	Author = {Petra Maria Vogel},
	Journal = {Sprachwissenschaft},
	Pages = {479--500},
	Title = {{U}nflektierte {A}djektive im {D}eutschen. {Z}um {V}erh{\"a}ltnis von semantischer {S}truktur und syntaktischer {F}unktion und ein {V}ergleich mit flektierten {A}djektiven},
	Volume = {22},
	Year = {1997}}

@incollection{Nuebling2011,
	Address = {Berlin, New York},
	Author = {Damaris N{\"u}bling},
	Crossref = {KoepckeZiegler2011},
	Date-Modified = {2018-09-13 13:46:18 +0200},
	Pages = {175--196},
	Title = {{U}nter gro{\ss}em pers{\"o}nlichem oder pers{\"o}nlichen {E}insatz? {D}er sprachliche {Z}weifelsfall adjektivischer {P}arallel- vs. {W}echselflexion als {B}eispiel f{\"u}r aktuellen grammatischen {W}andel}}

@book{Leirbukt2013,
	Address = {Berlin, New York},
	Author = {Oddleif Leirbukt},
	Booktitle = {Das Passiv im Deutschen. Akten des Kolloquiums {\"u}ber das Passiv im Deutschen, Nizza 1986},
	Journal = {Germanistische Linguistik},
	Publisher = {De Gruyter},
	Title = {{U}ntersuchungen zum bekommen-{P}assiv im heutigen {D}eutsch},
	Year = {2013}}

@book{SchumacherEa2004,
	Address = {T{\"u}bingen},
	Author = {Helmut Schumacher and Jacqueline Kubczak and Renate Schmidt and Vera de Ruiter},
	Date-Modified = {2018-08-02 16:29:50 +0000},
	Publisher = {Narr},
	Title = {{VALBU}, {V}alenzw{\"o}rterbuch deutscher {V}erben},
	Year = {2004}}

@incollection{Wiese2009,
	Address = {Berlin, New York},
	Author = {Bernd Wiese},
	Booktitle = {{D}eutsche {G}rammatik -- {R}egeln, {N}ormen, {S}prachgebrauch},
	Date-Modified = {2018-10-07 17:36:56 +0200},
	Editor = {Marek Konopka andBruno Strecker},
	Pages = {166--194},
	Publisher = {De Gruyter},
	Title = {{V}ariation in der {F}lexionsmorphologie: {S}tarke und schwache {A}d\-jek\-tiv\-flexion nach {P}ronominaladjektiven},
	Year = {2009}}

@book{FleischerBarz1995,
	Address = {T{\"u}bingen},
	Author = {Wolfgang Fleischer and Irmhild Barz},
	Date-Modified = {2018-08-02 17:39:08 +0000},
	Edition = {3},
	Publisher = {Niemeyer},
	Title = {{W}ortbildung der deutschen {G}egenwartssprache},
	Year = {1995}}

@book{HelbigSchenkel1991,
	Address = {T{\"u}bingen},
	Author = {Gerhard Helbig and Wolfgang Schenkel},
	Date-Modified = {2018-08-02 16:31:50 +0000},
	Edition = {8},
	Publisher = {Niemeyer},
	Title = {{W}{\"o}rterbuch zur {V}alenz und {D}istribution deutscher {V}erben},
	Year = {1991}}

@incollection{Reis1982,
	Address = {T{\"u}\-bin\-gen},
	Author = {Marga Reis},
	Booktitle = {{S}atzglieder im {D}eutschen. {V}or\-schl{\"a}\-ge zur syntaktischen, semantischen und pragmatischen {F}undierung},
	Date-Modified = {2018-10-07 17:44:10 +0200},
	Pages = {171--210},
	Publisher = {Stauffenburg},
	Title = {{Z}um {S}ubjektbegriff im {D}eutschen},
	Year = {1982}}

@article{Leibukt2011,
	Author = {Leirbukt, Oddleif},
	Journal = {Deutsch als Fremdsprache},
	Number = {1},
	Pages = {30--38},
	Title = {{Z}ur {A}nzeige von {H}{\"o}flichkeit im {D}eutschen und im {N}orwegischen: konjunktivische und indikativische {A}usdrucksmittel im {V}ergleich},
	Volume = {2011},
	Year = {2011}}

@inproceedings{Reis2005,
	Address = {G{\"o}teborg},
	Author = {Marga Reis},
	Booktitle = {{D}eutsche {S}yntax. {E}mpirie und {T}heorie. {S}ymposium in {G}{\"o}teborg 13.-15.~{M}ai 2004},
	Editor = {Franz Josef D'Avis},
	Pages = {125--145},
	Publisher = {Acta Universitatis Gothoburgensis},
	Title = {{Z}ur {G}rammatik der sog.\ {H}albmodale drohen/versprechen + {I}nfinitiv},
	Year = {2005}}

@book{AugstEa1997,
	Address = {T{\"u}bingen},
	Editor = {Gerhard Augst and Karl Bl{\"u}ml and Dieter Nerius and Horst Sitta},
	Publisher = {Niemeyer},
	Title = {{Z}ur {N}euregelung der deutschen {O}rthographie. {B}egr{\"u}ndung und {K}ritik},
	Year = {1997}}

@article{Askedal1990,
	Author = {John Ole Askedal},
	Journal = {Deutsch als Fremdsprache},
	Pages = {213--225},
	Title = {{Z}ur syntaktischen und referentiell-semantischen {T}ypisierung der deutschen {P}ronominalform es},
	Volume = {27},
	Year = {1990}}

@article{Baerentzen2002,
	Author = {Per B{\ae}rentzen},
	Journal = {Beitr{\"a}ge zur Geschichte der deutschen Sprache und Literatur},
	Pages = {199--217},
	Title = {{Zum} {G}ebrauch der {Pronominalformen} deren und derer im heutigen {D}eutsch},
	Volume = {117},
	Year = {2002}}

@article{SprouseEa2013,
	Author = {Sprouse, Jon and Sch{\"u}tze, Carson T. and Almeida, Diogo},
	Date-Modified = {2018-10-07 17:33:59 +0200},
	Journal = {Lingua},
	Pages = {219--248},
	Publisher = {Elsevier},
	Title = {A comparison of informal and formal acceptability judgments using a random sample from Linguistic Inquiry 2001--2010},
	Volume = {134},
	Year = {2013}}

@book{Buering2005,
	Address = {Cambridge},
	Author = {B{\"u}ring, Daniel},
	Publisher = {Cambridge University Press},
	Title = {Binding Theory},
	Year = {2005}}

@inproceedings{SchaeferBildhauer2012a,
	Address = {Istanbul},
	Author = {Roland Sch{\"a}fer and Felix Bildhauer},
	Booktitle = {Proceedings of the Eighth International Conference on Language Resources and Evaluation ({LREC'12})},
	Date-Modified = {2018-10-20 16:08:25 +0200},
	Editor = {Nicoletta Calzolari and Khalid Choukri and Thierry Declerck and Mehmet U\u{g}ur Do\u{g}an and Bente Maegaard and Joseph Mariani and Jan Odijk and Stelios Piperidis},
	Organization = {ELRA},
	Pages = {486--493},
	Title = {Building large corpora from the web using a new efficient tool chain},
	Year = {2012}}

@incollection{Maas2002,
	Author = {Utz Maas},
	Booktitle = {Silbenschnitt und {T}onakzente},
	Editor = {Peter Auer und Peter Gilles und Helmut Spiekermann},
	Pages = {11--34},
	Publisher = {Niemeyer},
	Title = {Die {A}nschlusskorrelation des {D}eutschen im {H}orizont einer {T}ypologie der {S}ilbenstruktur},
	Year = {2002}}

@article{Musan1999,
	Author = {Renate Musan},
	Journal = {Zeitschrift f{\"u}r Literaturwissenschaft und Linguistik},
	Pages = {6--51},
	Title = {Die {L}esarten des {P}erfekts},
	Volume = {113},
	Year = {1999}}

@book{Dekuthy2002,
	Address = {Stanford},
	Author = {Kordula {De Kuthy}},
	Date-Modified = {2018-10-20 16:16:47 +0200},
	Publisher = {CSLI},
	Title = {Discontinuous {NPs} in {G}erman: {A} case study of the interaction of syntax, semantics and pragmatics},
	Year = {2002}}

@book{Duerscheid2012a,
	Address = {G{\"o}ttingen},
	Author = {Christa D{\"u}rscheid},
	Edition = {4},
	Publisher = {Vandenhoek \& Ruprecht},
	Title = {Einf{\"u}hrung in die Schriftlinguistik},
	Year = {2012}}

@incollection{Wiese2008,
	Address = {Amsterdam},
	Author = {Bernd Wiese},
	Booktitle = {{E}xplorations in integrational linguistics: {F}our essays on {G}erman, {F}rench, and {G}uarani},
	Date-Modified = {2018-10-20 16:09:14 +0200},
	Editor = {Robin Sackmann},
	Pages = {97--152},
	Publisher = {Benjamins},
	Title = {Form and function of verbal ablaut in contemporary standard {G}erman},
	Year = {2008}}

@book{Maas1992,
	Author = {Utz Maas},
	Publisher = {De Gruyter},
	Title = {Grundz{\"u}ge der deutschen Orthographie},
	Year = {1992}}

@incollection{SchuetzeSprouse2014,
	__Markedentry = {[user:6]},
	Address = {Cambridge},
	Author = {Sch{\"u}tze, Carson T. and Sprouse, Jon},
	Booktitle = {Research Methods in Linguistics},
	Chapter = {3},
	Date-Modified = {2018-10-07 17:34:03 +0200},
	Editor = {Robert J. Podesva and Devyani Sharma},
	Journal = {Research methods in linguistics},
	Pages = {27--50},
	Publisher = {Cambridge University Press},
	Title = {Judgment data},
	Year = {2014}}

@article{DekuthyMeurers2001,
	Author = {Kordula {De Kuthy} and Walt Detmar Meurers},
	Journal = {Journal of Comparative Germanic Linguistics},
	Number = {3},
	Pages = {143--205},
	Title = {On Partial Constituent Fronting in {G}erman},
	Volume = {3},
	Year = {2001}}

@book{Croft2001,
	Address = {Oxford},
	Author = {William Croft},
	Date-Modified = {2018-10-20 16:16:16 +0200},
	Publisher = {Oxford University Press},
	Title = {Radical construction grammar: {S}yntactic theory in typological perspective},
	Year = {2001}}

@book{Sternefeld2008,
	Address = {T{\"u}bingen},
	Author = {Wolfgang Sternefeld},
	Edition = {4},
	Publisher = {Stauffenburg},
	Title = {Syntax: Eine morphologisch motivierte generative Beschreibung des Deutschen},
	Volume = {1},
	Year = {2008}}

@book{Sternefeld2009,
	Address = {T{\"u}bingen},
	Author = {Wolfgang Sternefeld},
	Edition = {3},
	Publisher = {Stauffenburg},
	Title = {Syntax: Eine morphologisch motivierte generative Beschreibung des Deutschen},
	Volume = {2},
	Year = {2009}}

@book{Booj2007,
	Address = {Oxford},
	Author = {Booij, Geert},
	Date-Modified = {2018-10-20 16:19:19 +0200},
	Publisher = {Oxford University Press},
	Title = {The grammar of words. {A}n introduction to morphology},
	Year = {2007}}

@book{Wiese2000,
	Address = {Oxford},
	Author = {Richard Wiese},
	Date-Modified = {2018-08-02 16:29:28 +0000},
	Publisher = {Oxford University Press},
	Title = {The Phonology of {G}erman},
	Year = {2000}}
